%	Biblio CAV 21


@article{HENRIKSEN20051,
	title = {A theory of regular MSC languages},
	journal = {Information and Computation},
	volume = {202},
	number = {1},
	pages = {1-38},
	year = {2005},
	issn = {0890-5401},
	author = {Jesper G. Henriksen and Madhavan Mukund and K. Narayan Kumar and Milind Sohoni and P.S. Thiagarajan},
	keywords = {Message sequence charts, Message-passing systems, Regularity, Realizability, Synthesis, Monadic second-order logic},
}

@inproceedings{DLL2021,
	author    = {Cinzia Di Giusto and Laetitia Laversa and {\'{E}}tienne Lozes},
	title     = {Guessing the buffer bound for k-synchronizability},
	booktitle = {Implementation and Application of Automata - 25th International Conference,
	{CIAA} 2021, Proceedings},
	series    = {Lecture Notes in Computer Science},
	publisher = {Springer},
	year      = {2021},
	Note = "To appear",
}

@inproceedings{MadhusudanP11,
	author    = {P. Madhusudan and
	Gennaro Parlato},
	editor    = {Thomas Ball and
	Mooly Sagiv},
	title     = {The tree width of auxiliary storage},
	booktitle = {Proceedings of the 38th {ACM} {SIGPLAN-SIGACT} Symposium on Principles
	of Programming Languages, {POPL} 2011, Austin, TX, USA, January 26-28,
	2011},
	pages     = {283--294},
	publisher = {{ACM}},
	year      = {2011},
}

@inproceedings{Streett81,
	author    = {Robert S. Streett},
	title     = {Propositional Dynamic Logic of Looping and Converse},
	booktitle = {Proceedings of the 13th Annual {ACM} Symposium on Theory of Computing,
	May 11-13, 1981, Milwaukee, Wisconsin, {USA}},
	pages     = {375--383},
	publisher = {{ACM}},
	year      = {1981},
}

@article{BolligFG21,
	author    = {Benedikt Bollig and
	Marie Fortin and
	Paul Gastin},
	title     = {Communicating finite-state machines, first-order logic, and star-free
	propositional dynamic logic},
	journal   = {J. Comput. Syst. Sci.},
	volume    = {115},
	pages     = {22--53},
	year      = {2021},
}


@article{DBLP:journals/corr/abs-1804-06612,
	author    = {Ahmed Bouajjani and
	Constantin Enea and
	Kailiang Ji and
	Shaz Qadeer},
	title     = {On the Completeness of Verifying Message Passing Programs under Bounded
	Asynchrony},
	journal   = {CoRR},
	volume    = {abs/1804.06612},
	year      = {2018},
	url       = {http://arxiv.org/abs/1804.06612},
	archivePrefix = {arXiv},
	eprint    = {1804.06612},
	timestamp = {Mon, 13 Aug 2018 16:49:03 +0200},
	biburl    = {https://dblp.org/rec/bib/journals/corr/abs-1804-06612},
	bibsource = {dblp computer science bibliography, https://dblp.org}
}


@inproceedings{AiswaryaGK14,
	author    = {C. Aiswarya and
	Paul Gastin and
	K. Narayan Kumar},
	title     = {Verifying Communicating Multi-pushdown Systems via Split-Width},
	booktitle = {Automated Technology for Verification and Analysis - 12th International
	Symposium, {ATVA} 2014},
	pages     = {1--17},
	year      = {2014},
	series    = {Lecture Notes in Computer Science},
	volume    = {8837},
	publisher = {Springer},
}

@inproceedings{Courcelle10,
	Author = {Bruno Courcelle},
	Booktitle = {FSTTCS},
	Date-Added = {2015-10-16 14:22:17 +0000},
	Date-Modified = {2015-10-16 14:22:17 +0000},
	Ee = {http://dx.doi.org/10.4230/LIPIcs.FSTTCS.2010.13},
	Pages = {13-29},
	Series = {LIPIcs},
	Title = {Special tree-width and the verification of monadic second-order graph properties},
	Volume = {8},
	Year = {2010}}


@inproceedings{CyriacG14,
	author    = {C. Aiswarya and
	Paul Gastin},
	editor    = {Venkatesh Raman and
	S. P. Suresh},
	title     = {Reasoning About Distributed Systems: {WYSIWYG} (Invited Talk)},
	booktitle = {34th International Conference on Foundation of Software Technology
	and Theoretical Computer Science, {FSTTCS} 2014, December 15-17, 2014,
	New Delhi, India},
	series    = {LIPIcs},
	volume    = {29},
	pages     = {11--30},
	publisher = {Schloss Dagstuhl - Leibniz-Zentrum f{\"{u}}r Informatik},
	year      = {2014},
	url       = {https://doi.org/10.4230/LIPIcs.FSTTCS.2014.11},
	doi       = {10.4230/LIPIcs.FSTTCS.2014.11},
	timestamp = {Tue, 11 Feb 2020 15:52:14 +0100},
	biburl    = {https://dblp.org/rec/conf/fsttcs/CyriacG14.bib},
	bibsource = {dblp computer science bibliography, https://dblp.org}
}

@inproceedings{DBLP:conf/fossacs/GiustoLL20,
	author    = {Cinzia {Di Giusto} and
	Laetitia Laversa and
	{\'{E}}tienne Lozes},
	editor    = {Jean Goubault{-}Larrecq and
	Barbara K{\"{o}}nig},
	title     = {On the k-synchronizability of Systems},
	booktitle = {Foundations of Software Science and Computation Structures - 23rd
	International Conference, {FOSSACS} 2020, Proceedings},
	series    = {Lecture Notes in Computer Science},
	volume    = {12077},
	pages     = {157--176},
	publisher = {Springer},
	year      = {2020},
	url       = {https://doi.org/10.1007/978-3-030-45231-5\_9},
	doi       = {10.1007/978-3-030-45231-5\_9},
	timestamp = {Mon, 04 May 2020 13:23:16 +0200},
	biburl    = {https://dblp.org/rec/conf/fossacs/GiustoLL20.bib},
	bibsource = {dblp computer science bibliography, https://dblp.org}
}

@article{DBLP:journals/tcs/FinkelS01,
	author    = {Alain Finkel and
	Philippe Schnoebelen},
	title     = {Well-structured transition systems everywhere!},
	journal   = {Theor. Comput. Sci.},
	volume    = {256},
	number    = {1-2},
	pages     = {63--92},
	year      = {2001},
	url       = {https://doi.org/10.1016/S0304-3975(00)00102-X},
	doi       = {10.1016/S0304-3975(00)00102-X},
	timestamp = {Sun, 28 May 2017 13:20:07 +0200},
	biburl    = {https://dblp.org/rec/journals/tcs/FinkelS01.bib},
	bibsource = {dblp computer science bibliography, https://dblp.org}
}

@inproceedings{genest2004kleene,
	title={A {Kleene} theorem for a class of communicating automata with effective algorithms},
	author={Genest, Blaise and Muscholl, Anca and Kuske, Dietrich},
	booktitle={International Conference on Developments in Language Theory},
	pages={30--48},
	year={2004},
	organization={Springer}
}

@misc{kuske2014communicating,
	title={Communicating automata},
	author={Kuske, Dietrich and Muscholl, Anca},
	year={2014}
}

@article{GKM07,
	author    = {Blaise Genest and
	Dietrich Kuske and
	Anca Muscholl},
	title     = {On Communicating Automata with Bounded Channels},
	journal   = {Fundamenta Informaticae},
	volume    = {80},
	number    = {1-3},
	year      = {2007},
	pages     = {147-167},
}


@incollection{KuskeM2018,
	author = {D. Kuske and A. Muscholl},
	title = {Communicating Automata},
	booktitle = {Handbook of Automata: from Mathematics to Applications (AutoMathA)},
	editor = {J.-E. Pin},
	publisher = {European Science Foundation},
	year = {2018},
	note = {To appear},
} 


@article{DBLP:journals/corr/abs-1904-06942,
	author    = {Benedikt Bollig and
	Paul Gastin},
	title     = {Non-Sequential Theory of Distributed Systems},
	journal   = {CoRR},
	volume    = {abs/1904.06942},
	year      = {2019},
	url       = {http://arxiv.org/abs/1904.06942},
	archivePrefix = {arXiv},
	eprint    = {1904.06942},
	timestamp = {Thu, 25 Apr 2019 13:55:01 +0200},
	biburl    = {https://dblp.org/rec/journals/corr/abs-1904-06942.bib},
	bibsource = {dblp computer science bibliography, https://dblp.org}
}

@article{DBLP:journals/tcs/BasuB16,
	author    = {Samik Basu and
	Tevfik Bultan},
	title     = {On deciding synchronizability for asynchronously communicating systems},
	journal   = {Theor. Comput. Sci.},
	volume    = {656},
	pages     = {60--75},
	year      = {2016},
	timestamp = {Wed, 27 Feb 2019 10:53:02 +0100},
	biburl    = {https://dblp.org/rec/journals/tcs/BasuB16.bib},
	bibsource = {dblp computer science bibliography, https://dblp.org}
}

@inproceedings{DBLP:conf/icalp/FinkelL17,
	author    = {Alain Finkel and
	{\'{E}}tienne Lozes},
	editor    = {Ioannis Chatzigiannakis and
	Piotr Indyk and
	Fabian Kuhn and
	Anca Muscholl},
	title     = {Synchronizability of Communicating Finite State Machines is not Decidable},
	booktitle = {44th International Colloquium on Automata, Languages, and Programming,
	{ICALP} 2017, July 10-14, 2017, Warsaw, Poland},
	series    = {LIPIcs},
	volume    = {80},
	pages     = {122:1--122:14},
	publisher = {Schloss Dagstuhl - Leibniz-Zentrum f{\"{u}}r Informatik},
	year      = {2017}
}

@inproceedings{DBLP:conf/popl/BasuBO12,
	author    = {Samik Basu and
	Tevfik Bultan and
	Meriem Ouederni},
	editor    = {John Field and
	Michael Hicks},
	title     = {Deciding choreography realizability},
	booktitle = {Proceedings of the 39th {ACM} {SIGPLAN-SIGACT} Symposium on Principles
	of Programming Languages, {POPL} 2012, Philadelphia, Pennsylvania,
	USA, January 22-28, 2012},
	pages     = {191--202},
	publisher = {{ACM}},
	year      = {2012},
}

@inproceedings{DBLP:conf/www/BasuB11,
	author    = {Samik Basu and
	Tevfik Bultan},
	editor    = {Sadagopan Srinivasan and
	Krithi Ramamritham and
	Arun Kumar and
	M. P. Ravindra and
	Elisa Bertino and
	Ravi Kumar},
	title     = {Choreography conformance via synchronizability},
	booktitle = {Proceedings of the 20th International Conference on World Wide Web,
	{WWW} 2011, Hyderabad, India, March 28 - April 1, 2011},
	pages     = {795--804},
	publisher = {{ACM}},
	year      = {2011},
	timestamp = {Wed, 27 Feb 2019 10:53:44 +0100},
	biburl    = {https://dblp.org/rec/conf/www/BasuB11.bib},
	bibsource = {dblp computer science bibliography, https://dblp.org}
}


@inproceedings{EGM2012,
	author = {Esparza, Javier and Ganty, Pierre and Majumdar, Rupak},
	title = {A Perfect Model for Bounded Verification},
	booktitle = {Proceedings of the 2012 27th Annual IEEE/ACM Symposium on Logic in Computer Science},
	series = {LICS '12},
	year = {2012},
	isbn = {978-0-7695-4769-5},
	location = {New Orleans, Louisiana},
	pages = {285--294},
	numpages = {10},
	url = {https://doi.org/10.1109/LICS.2012.39},
	doi = {10.1109/LICS.2012.39},
	acmid = {2359513},
	publisher = {IEEE Computer Society},
	address = {Washington, DC, USA},
	keywords = {verification, underapproximation, formal languages, complexity, algorithms},
}

%	FIFO machines, CFSM

@article{DBLP:journals/jacm/BrandZ83,
	author    = {Daniel Brand and
	Pitro Zafiropulo},
	title     = {On Communicating Finite-State Machines},
	journal   = {J. {ACM}},
	volume    = {30},
	number    = {2},
	pages     = {323--342},
	year      = {1983},
	url       = {http://doi.acm.org/10.1145/322374.322380},
	doi       = {10.1145/322374.322380},
	timestamp = {Thu, 26 Jan 2012 17:31:32 +0100},
	biburl    = {https://dblp.org/rec/bib/journals/jacm/BrandZ83},
	bibsource = {dblp computer science bibliography, https://dblp.org}
}


@article{DBLP:journals/sigops/Bochmann75,
	author    = {Gregor von Bochmann},
	title     = {Communication protocols and error recovery procedures},
	journal   = {Operating Systems Review},
	volume    = {9},
	number    = {3},
	pages     = {45--50},
	year      = {1975}
}


@article{DBLP:journals/corr/abs-1901-09606,
	author    = {Julien Lange and
	Nobuko Yoshida},
	title     = {Verifying Asynchronous Interactions via Communicating Session Automata},
	journal   = {CoRR},
	volume    = {abs/1901.09606},
	year      = {2019},
	url       = {http://arxiv.org/abs/1901.09606},
	archivePrefix = {arXiv},
	eprint    = {1901.09606},
	timestamp = {Sat, 02 Feb 2019 16:56:00 +0100},
	biburl    = {https://dblp.org/rec/bib/journals/corr/abs-1901-09606},
	bibsource = {dblp computer science bibliography, https://dblp.org}
}

%%%%%%%%%%%
%		Half-duplex
@article{CF-icomp05,
	author =	{C{\'e}c{\'e}, G{\'e}rard and Finkel, Alain},
	DOI =	{10.1016/j.ic.2005.05.006},
	journal =	{Information and Computation},
	month =	nov,
	number =	{2},
	pages =	{166-190},
	publisher =	{Elsevier Science Publishers},
	title =	{Verification of Programs with Half-Duplex Communication},
	url =	{http://www.lsv.ens-cachan.fr/Publis/PAPERS/PDF/CF-icomp05.pdf},
	volume =	{202},
	year =	{2005},
}

%	Lossy
@article{GC-AF-SPI-IC-96,
	author =	{C{\'e}c{\'e}, G{\'e}rard and Finkel, Alain and Purushothaman{ }Iyer, S.},
	journal =	{Information and Computation},
	month =	jan,
	number =	{1},
	pages =	{20-31},
	publisher =	{Elsevier Science Publishers},
	title =	{Unreliable Channels are Easier to Verify than Perfect Channels},
	url =	{http://www.lsv.ens-cachan.fr/Publis/PAPERS/PS/CFP-IC96.ps},
	volume =	{124},
	year =	{1996},
}

%	Verification of Flat FIFO Systems
@article{FP-lmcs20,
	journal = {Logical Methods in Computer Science},
	author = {Finkel, Alain and Praveen, M.},
	title = {{Verification of Flat FIFO Systems}},
	volume = {20},
	number = {4},
	doi = {10.23638/LMCS-16(4:4)2020},
	year = {2020},
	month = oct,
	url = {https://lmcs.episciences.org/6839}
}

%	Bounded Reachability Problems are Decidable in {FIFO} Machines
@inproceedings{BDM-concur20,
	address = {Vienna, Austria},
	month = sep,
	volume = {171},
	series = {Leibniz International Proceedings in Informatics},
	publisher = {Leibniz-Zentrum f{\"u}r Informatik},
	editor = {Igor Konnov and Laura Kovacs},
	acronym = {{CONCUR}'20},
	booktitle = {{P}roceedings of the 31st
	{I}nternational {C}onference on
	{C}oncurrency {T}heory
	({CONCUR}'20)},
	author = {Benedikt Bollig and Alain Finkel and Amrita Suresh},
	title = {Bounded Reachability Problems are Decidable in {FIFO} Machines},
	pages = {49:1--49:17},
	year = 2020,
	url = {https://drops.dagstuhl.de/opus/volltexte/2020/12861}
}

%		Symbolic Verification of Communication Protocols with Infinite State Spaces Using QDDs
@inproceedings{DBLP:conf/cav/BoigelotG96,
	author    = {Bernard Boigelot and
	Patrice Godefroid},
	title     = {Symbolic Verification of Communication Protocols with Infinite State
	Spaces Using QDDs (Extended Abstract)},
	booktitle = {Computer Aided Verification, 8th International Conference, {CAV} '96,
	New Brunswick, NJ, USA, July 31 - August 3, 1996, Proceedings},
	pages     = {1--12},
	year      = {1996},
	crossref  = {DBLP:conf/cav/1996},
	url       = {https://doi.org/10.1007/3-540-61474-5\_53},
	doi       = {10.1007/3-540-61474-5\_53},
	timestamp = {Mon, 22 May 2017 16:14:02 +0200},
	biburl    = {https://dblp.org/rec/bib/conf/cav/BoigelotG96},
	bibsource = {dblp computer science bibliography, https://dblp.org}
}

@proceedings{DBLP:conf/cav/1996,
	editor    = {Rajeev Alur and
	Thomas A. Henzinger},
	title     = {Computer Aided Verification, 8th International Conference, {CAV} '96,
	New Brunswick, NJ, USA, July 31 - August 3, 1996, Proceedings},
	series    = {Lecture Notes in Computer Science},
	volume    = {1102},
	publisher = {Springer},
	year      = {1996},
	url       = {https://doi.org/10.1007/3-540-61474-5},
	doi       = {10.1007/3-540-61474-5},
	isbn      = {3-540-61474-5},
	timestamp = {Mon, 22 May 2017 16:14:02 +0200},
	biburl    = {https://dblp.org/rec/bib/conf/cav/1996},
	bibsource = {dblp computer science bibliography, https://dblp.org}
}

@inproceedings{DBLP:conf/cav/BouajjaniEJQ18,
	author    = {Ahmed Bouajjani and
	Constantin Enea and
	Kailiang Ji and
	Shaz Qadeer},
	editor    = {Hana Chockler and
	Georg Weissenbacher},
	title     = {On the Completeness of Verifying Message Passing Programs Under Bounded
	Asynchrony},
	booktitle = {Computer Aided Verification - 30th International Conference, {CAV}
	2018, Held as Part of the Federated Logic Conference, FloC 2018, Oxford,
	UK, July 14-17, 2018, Proceedings, Part {II}},
	series    = {Lecture Notes in Computer Science},
	volume    = {10982},
	pages     = {372--391},
	publisher = {Springer},
	year      = {2018},
	url       = {https://doi.org/10.1007/978-3-319-96142-2\_23},
	doi       = {10.1007/978-3-319-96142-2\_23},
	timestamp = {Fri, 31 Jan 2020 21:32:18 +0100},
	biburl    = {https://dblp.org/rec/conf/cav/BouajjaniEJQ18.bib},
	bibsource = {dblp computer science bibliography, https://dblp.org}
}

@inproceedings{DBLP:conf/dlt/GenestMK04,
	author    = {Blaise Genest and
	Anca Muscholl and
	Dietrich Kuske},
	editor    = {Cristian Calude and
	Elena Calude and
	Michael J. Dinneen},
	title     = {A Kleene Theorem for a Class of Communicating Automata with Effective
	Algorithms},
	booktitle = {Developments in Language Theory, 8th International Conference, {DLT}
	2004, Auckland, New Zealand, December 13-17, 2004, Proceedings},
	series    = {Lecture Notes in Computer Science},
	volume    = {3340},
	pages     = {30--48},
	publisher = {Springer},
	year      = {2004},
	url       = {https://doi.org/10.1007/978-3-540-30550-7\_4},
	doi       = {10.1007/978-3-540-30550-7\_4},
	timestamp = {Tue, 14 May 2019 10:00:40 +0200},
	biburl    = {https://dblp.org/rec/conf/dlt/GenestMK04.bib},
	bibsource = {dblp computer science bibliography, https://dblp.org}
}

@inproceedings{DBLP:conf/fossacs/LohreyM02,
	author    = {Markus Lohrey and
	Anca Muscholl},
	editor    = {Mogens Nielsen and
	Uffe Engberg},
	title     = {Bounded {MSC} Communication},
	booktitle = {Foundations of Software Science and Computation Structures, 5th International
	Conference, {FOSSACS} 2002. Held as Part of the Joint European Conferences
	on Theory and Practice of Software, {ETAPS} 2002 Grenoble, France,
	April 8-12, 2002, Proceedings},
	series    = {Lecture Notes in Computer Science},
	volume    = {2303},
	pages     = {295--309},
	publisher = {Springer},
	year      = {2002},
	url       = {https://doi.org/10.1007/3-540-45931-6\_21},
	doi       = {10.1007/3-540-45931-6\_21},
	timestamp = {Tue, 14 May 2019 10:00:55 +0200},
	biburl    = {https://dblp.org/rec/conf/fossacs/LohreyM02.bib},
	bibsource = {dblp computer science bibliography, https://dblp.org}
}
@article{DBLP:journals/iandc/LohreyM04,
	author    = {Markus Lohrey and
	Anca Muscholl},
	title     = {Bounded {MSC} communication},
	journal   = {Inf. Comput.},
	volume    = {189},
	number    = {2},
	pages     = {160--181},
	year      = {2004},
	url       = {https://doi.org/10.1016/j.ic.2003.10.002},
	doi       = {10.1016/j.ic.2003.10.002},
	timestamp = {Thu, 18 May 2017 09:54:19 +0200},
	biburl    = {https://dblp.org/rec/journals/iandc/LohreyM04.bib},
	bibsource = {dblp computer science bibliography, https://dblp.org}
}

@article{DBLP:journals/jsyml/GollerLL09,
	author    = {Stefan G{\"{o}}ller and
	Markus Lohrey and
	Carsten Lutz},
	title     = {{PDL} with intersection and converse: satisfiability and infinite-state
	model checking},
	journal   = {J. Symb. Log.},
	volume    = {74},
	number    = {1},
	pages     = {279--314},
	year      = {2009},
	url       = {https://doi.org/10.2178/jsl/1231082313},
	doi       = {10.2178/jsl/1231082313},
	timestamp = {Wed, 14 Jun 2017 20:34:45 +0200},
	biburl    = {https://dblp.org/rec/journals/jsyml/GollerLL09.bib},
	bibsource = {dblp computer science bibliography, https://dblp.org}
}

@inproceedings{DBLP:conf/concur/CyriacGK12,
	author    = {Aiswarya Cyriac and
	Paul Gastin and
	K. Narayan Kumar},
	editor    = {Maciej Koutny and
	Irek Ulidowski},
	title     = {{MSO} Decidability of Multi-Pushdown Systems via Split-Width},
	booktitle = {{CONCUR} 2012 - Concurrency Theory - 23rd International Conference,
	{CONCUR} 2012, Newcastle upon Tyne, UK, September 4-7, 2012. Proceedings},
	series    = {Lecture Notes in Computer Science},
	volume    = {7454},
	pages     = {547--561},
	publisher = {Springer},
	year      = {2012},
	url       = {https://doi.org/10.1007/978-3-642-32940-1\_38},
	doi       = {10.1007/978-3-642-32940-1\_38},
	timestamp = {Tue, 14 May 2019 10:00:43 +0200},
	biburl    = {https://dblp.org/rec/conf/concur/CyriacGK12.bib},
	bibsource = {dblp computer science bibliography, https://dblp.org}
}

